<record><leader>00000cas a22000007a 4500</leader><controlfield tag="001">15270972</controlfield><controlfield tag="008">870305d18uu18uupaudn ne      0    0eng d</controlfield><datafield ind1=" " ind2=" " tag="010"><subfield code="a">sn 87080009 </subfield></datafield><datafield ind1=" " ind2=" " tag="040"><subfield code="a">NPH</subfield><subfield code="b">eng</subfield><subfield code="c">NPH</subfield><subfield code="d">OCLCQ</subfield></datafield><datafield ind1=" " ind2=" " tag="042"><subfield code="a">msc</subfield></datafield><datafield ind1="0" ind2="0" tag="245"><subfield code="a">Rochester daily argus.</subfield></datafield><datafield ind1="3" ind2="0" tag="246"><subfield code="a">Daily argus</subfield></datafield><datafield ind1=" " ind2=" " tag="260"><subfield code="a">Rochester, Pa. :</subfield><subfield code="b">[s.n.]</subfield></datafield><datafield ind1=" " ind2=" " tag="300"><subfield code="a">v. ;</subfield><subfield code="c">60 cm.</subfield></datafield><datafield ind1=" " ind2=" " tag="310"><subfield code="a">Daily (except Sunday)</subfield></datafield><datafield ind1=" " ind2=" " tag="500"><subfield code="a">Publishers: Curtis &amp; Reed, &lt;Nov. 14, 1884&gt;; Curtis &amp; Bliss &lt;Mar. 17, 1888&gt;.</subfield></datafield><datafield ind1=" " ind2=" " tag="515"><subfield code="a">Issues for &lt;Nov. 16, 1889&gt; called also &lt;v. 6, no. 146&gt;.</subfield></datafield><datafield ind1=" " ind2=" " tag="588"><subfield code="a">Description based on: May 16, 1883.</subfield></datafield><datafield ind1=" " ind2=" " tag="752"><subfield code="a">United States</subfield><subfield code="b">Pennsylvania</subfield><subfield code="c">Beaver</subfield><subfield code="d">Rochester.</subfield></datafield></record>